@comment{x-kbibtex-personnameformatting=<%l><, %f>}

@book{altman-kleiman-grothendieck-duality,
	author = "Altman, Allen and Kleiman, Steven",
	isbn = "978-3-540-04935-7",
	number = "146",
	pagetotal = "185",
	publisher = "Springer--Verlag",
	series = "{Lecture Notes in Mathematics}",
	shorthand = "LNM146",
	title = "{Introduction to Grothendieck duality theory}",
	year = "1970"
}

@book{andre-introduction-aux-motifs,
	author = "Andr{\'e}, Yves",
	isbn = "978-2-85629-164-1",
	number = "17",
	pagetotal = "xi+261",
	publisher = "Soci{\'e}t{\'e} Math{\'e}matique de France",
	series = "{Panoramas et Synth{\`e}ses}",
	subtitle = "Motifs purs, motifs mixtes, p{\'e}riodes",
	title = "{Une introduction aux motifs}",
	year = "2004"
}

@article{barwick-algebraic-k-theory-higher-categories,
	author = "Barwick, Clark",
	eprint = "1204.3607",
	eprintclass = "math.KT",
	eprinttype = "arxiv",
	journaltitle = "Topology",
	title = "{On the algebraic K-theory of higher categories}",
	year = "2014"
}

@book{bass-algebraic-k-theory,
	author = "Bass, Hyman",
	pagetotal = "xx+762",
	publisher = "W.\ A.\ Benjamin",
	title = "{Algebraic K-theory}",
	year = "1968"
}

@article{beilinson-DbPn,
	author = "Be{\u\i}ilinson, Alexander",
	journaltitle = "Selecta Mathematica Sovietica",
	pages = "233--237",
	title = "{The derived category of coherent sheaves on $\mathbb{P}^n$}",
	volume = "3",
	year = "1983"
}

@article{benzvi-francis-nadler-integral-transforms,
	author = "Ben-Zvi, David and Francis, John and Nadler, David",
	eprint = "0805.0157v5",
	eprintclass = "math.AG",
	eprinttype = "arxiv",
	journaltitle = "Journal of the American Mathematical Society",
	pages = "909--966",
	title = "{Integral transforms and Drinfel'd centers in derived algebraic geometry}",
	volume = "23",
	year = "2010"
}

@article{benzvi-nadler-loop-spaces-and-connections,
	author = "Ben--Zvi, David and Nadler, David",
	eprint = "1002.3636",
	eprintclass = "math.AG",
	eprinttype = "arxiv",
	journaltitle = "Journal of Topology",
	number = "2",
	pages = "377--430",
	title = "{Loop spaces and connections}",
	volume = "5",
	year = "2012"
}

@article{bergner-characterization-of-fibrant-segal-categories,
	author = "Bergner, Julia",
	eprint = "math/0603400",
	eprintclass = "math.AT",
	eprinttype = "arxiv",
	journaltitle = "Proceedings of the American Mathematical Society",
	pages = "4031--4037",
	title = "{A characterization of fibrant Segal categories}",
	volume = "135",
	year = "2007"
}

@article{bergner-model-category-structure-on-simplicial-categories,
	author = "Bergner, Julia",
	eprint = "math/0406507",
	eprintclass = "math.AT",
	eprinttype = "arxiv",
	journaltitle = "Transactions of the American Mathematical Society",
	pages = "2043--2058",
	title = "{A model category structure on the category of simplicial categories}",
	volume = "359",
	year = "2007"
}

@inbook{bergner-survey-of-oo-1-categories,
	author = "Bergner, Julia",
	booktitle = "{Towards Higher Categories}",
	editors = "Baez, John Carlos and May, Jon Peter",
	eprint = "math/0610239",
	eprintclass = "math.AT",
	eprinttype = "arxiv",
	pages = "69--83",
	publisher = "Springer",
	series = "{The IMA volumes in mathematics and its applications}",
	title = "{A survey of $(\infty,1)$-categories}",
	year = "2010"
}

@article{bergner-three-models-for-the-homotopy-theory-of-homotopy-theories,
	author = "Bergner, Julia",
	eprint = "math/0504334",
	eprintclass = "math.AT",
	eprinttype = "arxiv",
	journaltitle = "Topology",
	number = "4",
	pages = "397--436",
	title = "{Three models for the homotopy theory of homotopy theories}",
	volume = "46",
	year = "2007"
}

@article{bergner-rezk-comparison-models-oo-n-categories-I,
	author = "Bergner, Julia and Rezk, Charles",
	eprint = "1204.2013",
	eprintclass = "math.AT",
	eprinttype = "arxiv",
	journaltitle = "Geometry and Topology",
	pages = "2163--2202",
	title = "{Comparison of models for ($\infty,n)$-categories, I}",
	volume = "17",
	year = "2013"
}

@phdthesis{blanc-invariants-topologiques,
	author = "Blanc, Antony",
	eprint = "1307.6430",
	eprintclass = "math.KT",
	eprinttype = "arxiv",
	institution = "Universit{\'e} Montpellier 2",
	language = "french",
	title = "{Invariants topologiques des espaces non commutatifs}",
	year = "2013"
}

@article{bondal-kapranov-enhanced-triangulated-categories,
	author = "Bondal, Alexei and Kapranov, Mikhail",
	journaltitle = "Mathematics of the USSR---Sbornik",
	language = "english",
	number = "1",
	origlanguage = "russian",
	pages = "93--107",
	title = "{Enhanced triangulated categories}",
	volume = "70",
	year = "1991"
}

@article{bondal-kapranov-serre-functors,
	author = "Bondal, Alexei and Kapranov, Mikhail",
	journaltitle = "Mathematics of the USSR---Izvestiya",
	number = "3",
	pages = "519--541",
	title = "{Representable functors, Serre functors and mutations}",
	volume = "35",
	year = "1990"
}

@inproceedings{bondal-orlov-derived-categories-of-coherent-sheaves,
	author = "Bondal, Alexei and Orlov, Dmitri",
	booktitle = "{Proceedings of the International Congress of Mathematicians}",
	eprint = "math/0206295",
	eprintclass = "math.AG",
	eprinttype = "arxiv",
	pages = "47--56",
	title = "{Derived categories of coherent sheaves}",
	volume = "2",
	year = "2002"
}

@article{bondal-orlov-sod-algebraic-varieties,
	author = "Bondal, Alexei and Orlov, Dmitri",
	eprint = "9506012",
	eprintclass = "math.AG",
	eprinttype = "arxiv",
	title = "{Semiorthogonal decomposition for algebraic varieties}",
	year = "1995"
}

@article{bondal-vandenbergh-generators-and-representability,
	author = "Bondal, Alexei and {Van den Bergh}, Michel",
	eprint = "math/0204218v2",
	eprintclass = "math.AG",
	eprinttype = "arxiv",
	issue = "1",
	journaltitle = "Moscow Mathematical Journal",
	pages = "1--36",
	title = "{Generators and representability of functors in commutative and noncommutative geometry}",
	volume = "3",
	year = "2003"
}

@inbook{caldararu-derived-categories-a-skimming,
	author = "C\u{a}ld\u{a}raru, Andrei",
	booktitle = "{Snowbird lectures in algebraic geometry}",
	eprint = "math/0501094",
	eprintclass = "math.AG",
	eprinttype = "arxiv",
	number = "388",
	pages = "43--75",
	publisher = "American Mathematical Society",
	series = "{Contemporary Mathematics}",
	title = "{Derived categories: a skimming}",
	year = "2005"
}

@article{cisinski-descente-par-eclatements,
	author = "Cisinski, Denis--Charles",
	eprint = "1003.1487",
	eprintclass = "math.AG",
	eprinttype = "arxiv",
	journaltitle = "Annals of Mathematics",
	number = "2",
	pages = "425--448",
	title = "{Descente par {\'e}clatements en K-th{\'e}orie invariante par homotopie}",
	volume = "177",
	year = "2013"
}

@article{cisinksi-moerdijk-dendroidal-sets-and-simplicial-operads,
	author = "Cisinki, Denis--Charles and Moerdijk, Ieke",
	eprint = "1109.1004",
	eprintclass = "math.AT",
	eprinttype = "arxiv",
	journaltitle = "Journal of Topology",
	pages = "705--756",
	title = "{Dendroidal sets and simplicial operads}",
	volume = "6",
	year = "2013"
}

@article{cisinski-moerdijk-dendroidal-sets-as-models-for-homotopy-operads,
	author = "Cisinski, Denis--Charles and Moerdijk, Ieke",
	eprint = "0902.1954",
	eprintclass = "math.CT",
	eprinttype = "arxiv",
	journaltitle = "Journal of Topology",
	number = "2",
	pages = "257--299",
	title = "{Dendroidal sets as models for homotopy operads}",
	volume = "4",
	year = "2011"
}

@article{cisinski-tabuada-non-connective-k-theory,
	author = "Cisinski, Denis--Charles and Tabuada, Gon\c{c}alo",
	eprint = "0903.3717",
	eprintclass = "math.KT",
	eprinttype = "arxiv",
	journaltitle = "Compositio Mathematica",
	number = "4",
	pages = "1282--1320",
	title = "{Non-connective K-theory via universal invariants}",
	volume = "147",
	year = "2011"
}

@article{cisinski-tabuada-symmetric-monoidal-structure-noncommutative-motives,
	author = "Cisinski, Denis--Charles and Tabuada, Gon\c{c}alo",
	eprint = "1001.0228",
	eprintclass = "math.KT",
	eprinttype = "arxiv",
	journaltitle = "Journal of K-theory",
	number = "2",
	pages = "201--268",
	title = "{Symmetric monoidal structure on non-commutative motives}",
	volume = "9",
	year = "2012"
}

@online{cohn-dg-categories-are-k-linear-stable-oo-categories,
	author = "Cohn, Lee",
	eprint = "arXiv:1308.2587",
	eprintclass = "math.AT",
	eprinttype = "arxiv",
	title = "{Differential graded categories are $k$-linear stable infinity categories}",
	year = "2013"
}

@book{connes-noncommutative-geometry,
	author = "Connes, Alain",
	isbn = "0-12-185860-X",
	pagetotal = "661",
	publisher = "Academic Press",
	title = "{Noncommutative geometry}",
	year = "1994"
}

@phdthesis{drew-realisations-tannakiennes,
	author = "Drew, Bradley",
	institution = "Universit{\'e} Paris 13",
	language = "french",
	title = "{R{\'e}alisations tannakiennes des motifs mixtes triangul{\'e}es}",
	year = "2013"
}

@book{dubuc-kan-extensions,
	author = "Dubuc, Eduardo",
	isbn = "978-3-540-04934-0",
	number = "145",
	pagetotal = "174",
	publisher = "Springer--Verlag",
	series = "{Lecture Notes in Mathematics}",
	shorthand = "LNM145",
	title = "{Kan extensions in enriched category theory}",
	year = "1970"
}

@article{dugger-hollander-isaksen-hypercovers-and-simplicial-presheaves,
	author = "Dugger, Daniel and Hollander, Sharon and Isaksen, Daniel",
	eprint = "math/0205027",
	eprintclass = "math.AT",
	eprinttype = "arxiv",
	journaltitle = "Mathematical Proceedings of the Cambridge Philosophical Society",
	number = "9",
	pages = "9--51",
	title = "{Hypercovers and simplicial presheaves}",
	volume = "136",
	year = "2004"
}

@inbook{dugger-isaksen-weak-equivalences-of-simplicial-presheaves,
	author = "Dugger, Daniel and Isaksen, Daniel",
	booktitle = "{Homotopy theory: relations with algebraic geometry, group cohomology, and algebraic K-theory}",
	editor = "Goerss, Paul and Priddy, Stewart",
	eprint = "math/0205025v1",
	eprintclass = "math.AT",
	eprinttype = "arxiv",
	number = "346",
	pages = "97--113",
	series = "{Contemporary Mathematics}",
	title = "{Weak equivalences of simplicial presheaves}",
	year = "2004"
}

@article{dugger-spivak-mapping-spaces-in-quasicategories,
	author = "Dugger, Daniel and Spivak, David",
	eprint = "0911.0469",
	eprintclass = "math.AT",
	eprinttype = "arxiv",
	journaltitle = "Algebraic and Geometric Topology",
	pages = "263--325",
	title = "{Mapping spaces in quasi-categories}",
	volume = "11",
	year = "2011"
}

@book{dwyer-hirschhorn-smith-homotopy-limit-functors,
	author = "Dwyer, William Gerard and Hirschhorn, Paul Steven and Kan, Daniel Marinus and Smith, Jeffrey Henderson",
	isbn = "978-0-8218-3703-0",
	number = "113",
	pagetotal = "181",
	publisher = "American Mathematical Society",
	series = "{Mathematical Surveys and Monographs}",
	title = "{Homotopy limit functors on model categories and homotopical categories}",
	year = "2004"
}

@article{dwyer-kan-calculating-simplicial-localizations,
	author = "Dwyer, Gerard William and Kan, Donald",
	journaltitle = "Journal of Pure and Applied Algebra",
	pages = "17--35",
	title = "{Calculating simplicial localizations}",
	volume = "18",
	year = "1980"
}

@article{dwyer-kan-function-complexes-in-homotopical-algebra,
	author = "Dwyer, Gerard William and Kan, Donald",
	journaltitle = "Topology",
	pages = "427--440",
	title = "{Function complexes in homotopical algebra}",
	volume = "19",
	year = "1980"
}

@article{dwyer-kan-simplicial-localization-of-categories,
	author = "Dwyer, Gerard William and Kan, Donald",
	journaltitle = "Journal of Pure and Applied Algebra",
	pages = "267--284",
	title = "{Simplicial localization of categories}",
	volume = "17",
	year = "1980"
}

@article{dwyer-kan-smith-homotopy-commutative-diagrams-and-their-realizations,
	author = "Dwyer, William Gerard and Kan, Daniel Marinus and Smith, Jeffrey Henderson",
	journaltitle = "Journal of Pure and Applied Algebra",
	number = "1",
	pages = "5--24",
	title = "{Homotopy commutative diagrams and their realizations}",
	volume = "57",
	year = "1989"
}

@inbook{dwyer-spalinski-homotopy-theories-and-model-categories,
	author = "Dwyer, William Gerard and Spali{\'n}ski, Jan",
	bookauthor = "James, Ioan Mackenzie",
	booktitle = "{Handbook of algebraic topology}",
	chapter = "2",
	isbn = "978-0-080-53298-1",
	publisher = "North Holland",
	title = "{Homotopy theories and model categories}",
	year = "1995"
}

@phdthesis{gabriel-des-categories-abeliennes,
	author = "Gabriel, Pierre",
	institution = "Universit{\'e} de Paris",
	language = "french",
	title = "{Des cat{\'e}gories abeliennes}",
	year = "1960"
}

@book{gabriel-zisman-calculus-of-fractions,
	author = "Gabriel, Pierre and Zisman, Michel",
	isbn = "978-3-642-85846-8",
	number = "35",
	pagetotal = "168",
	publisher = "Springer--Verlag",
	series = "{Ergebnisse der Mathematik und ihrer Grenzgebiete}",
	title = "{Calculus of fractions and homotopy theory}",
	year = "1967"
}

@book{gelfand-manin,
	author = "Gelfand, Israel and Manin, Yuri",
	isbn = "978-3-642-07813-2",
	pagetotal = "xx+372",
	publisher = "Springer",
	series = "{Springer Monographs in Mathematics}",
	title = "{Methods of homological algebra}",
	year = "2003"
}

@book{goerss-jardine-simplicial-homotopy-theory,
	author = "Goerss, Paul Gregory and Jardine, John Frederick",
	isbn = "978-3-764-36064-1",
	number = "174",
	pagetotal = "537",
	publisher = "Birkh{\"a}user",
	series = "{Progress In Mathematics}",
	title = "{Simplicial homotopy theory}",
	year = "1999"
}

@article{grothendieck-sur-quelques-points,
	author = "Grothendieck, Alexander",
	journaltitle = "T\={o}hoku Mathematical Journal",
	language = "french",
	number = "2",
	pages = "119--221",
	title = "{Sur quelques points d'alg{\`e}bre homologique}",
	volume = "9",
	year = "1957"
}

@book{hartshorne,
	author = "Hartshorne, Robin",
	isbn = "978-0-387-90244-9",
	number = "52",
	pagetotal = "xvi+496",
	publisher = "Springer",
	series = "{Graduate Texts in Mathematics}",
	title = "{Algebraic geometry}",
	year = "1977"
}

@book{hatcher-algebraic-topology,
	author = "Hatcher, Allen",
	isbn = "978-0521795401",
	pagetotal = "550",
	publisher = "Cambridge University Press",
	title = "{Algebraic topology}",
	year = "2001"
}

@book{hirschhorn-model-categories,
	author = "Hirschhorn, Philip Steven",
	isbn = "978-0-821-84917-0",
	number = "99",
	publisher = "American Mathematical Society",
	series = "{Mathematical Surveys and Monographs}",
	title = "{Model categories and their localizations}",
	year = "2009"
}

@online{hirschowitz-simpson-descente-pour-les-n-champs,
	author = "Hirschowitz, Andr{\'e} and Simpson, Carlos",
	eprint = "math/9807049",
	eprintclass = "math.AG",
	eprinttype = "arxiv",
	title = "{Descente pour les $n$-champs}",
	year = "1998"
}

@article{hollander-homotopy-theory-for-stacks,
	author = "Hollander, Sharon",
	eprint = "math/0110247",
	eprintclass = "math.AG",
	eprinttype = "math.AT",
	journaltitle = "Israel Journal of Mathematics",
	pages = "93--124",
	title = "{A homotopy theory for stacks}",
	volume = "163",
	year = "2008"
}

@book{hovey-model-categories,
	author = "Hovey, Mark",
	isbn = "978-0-821-84361-1",
	number = "63",
	pagetotal = "x+203",
	publisher = "American Mathematical Society",
	series = "{Mathematical Surveys and Monographs}",
	title = "{Model categories}",
	year = "1999"
}

@article{hovey-model-category-structures-on-chain-complexes-of-sheaves,
	author = "Hovey, Mark",
	eprint = "math/99090204v1",
	eprintclass = "math.AG",
	eprinttype = "arxiv",
	journaltitle = "Transactions of the American Mathematical Society",
	number = "6",
	pages = "2441--2457",
	title = "{Model category structures on chain complexes of sheaves}",
	volume = "353",
	year = "2001"
}

@article{hovey-spectra-in-general-model-categories,
	author = "Hovey, Mark",
	eprint = "math/0004051",
	eprintclass = "math.AT",
	eprinttype = "arxiv",
	issue = "1",
	journaltitle = "Journal of Pure and Applied Algebra",
	pages = "63--127",
	title = "{Spectra and symmetric spectra in general model categories}",
	volume = "165",
	year = "2001"
}

@book{huybrechts-fourier-mukai,
	author = "Huybrechts, Daniel",
	isbn = "978-0-199-29686-6",
	pagetotal = "viii+307",
	publisher = "Oxford University Press",
	series = "{Oxford Mathematical Monographs}",
	title = "{Fourier--Mukai transforms in algebraic geometry}",
	year = "2006"
}

@article{jardine-simplicial-presheaves,
	author = "Jardine, John Frederick",
	journaltitle = "Journal of Pure and Applied Algebra",
	pages = "35--87",
	title = "{Simplicial presheaves}",
	volume = "47",
	year = "1987"
}

@book{joyal-theory-of-quasicategories-and-applications,
	author = "Joyal, Andr{\'e}",
	pagetotal = "350",
	title = "{The theory of quasi-categories and its applications}",
	volume = "2",
	year = "2008"
}

@article{joyal-quasicategories-and-kan-complexes,
	author = "Joyal, Andr{\'e}",
	issue = "1--3",
	journaltitle = "Journal of Pure and Applied Algebra",
	pages = "207--222",
	title = "{Quasi-categories and Kan complexes}",
	volume = "175",
	year = "2002"
}

@unpublished{joyal-quasicategories-vs-simplicial-categories,
	author = "Joyal, Andr{\'e}",
	pagetotal = "66",
	title = "{Quasi-categories vs.\ simplicial categories}",
	year = "2007"
}

@inbook{joyal-tierney-quasi-categories-vs-segal-spaces,
	author = "Joyal, Andr{\'e} and Tierney, Myles",
	booktitle = "{Categories in algebra, geometry and mathematical physics}",
	editor = "Davydov, Alexei and Batanin, Michael and Johnson, Michael and Lack, Stephen and Neeman, Amnon",
	eprint = "math/0607820",
	eprintclass = "math.AT",
	eprinttype = "arxiv",
	number = "431",
	pages = "277--326",
	series = "{Contemporary Mathematics}",
	title = "{Quasi-categories vs.\ Segal spaces}",
	year = "2007"
}

@unpublished{kahn-fonctions-zeta-et-L,
	author = "Kahn, Bruno",
	date = "2013",
	note = "Master course Universit{\'e} Paris 6",
	title = "{Fonctions z{\^e}ta et L de vari{\'e}t{\'e}s et de motifs}"
}

@article{karoubi-categories-filtrees,
	author = "Karoubi, Max",
	journaltitle = "Comptes Rendus Math{\'e}matique",
	pages = "328--331",
	title = "{Foncteurs d{\'e}riv{\'e}s et K-th{\'e}orie. Cat{\'e}gories filtr{\'e}es}",
	volume = "267",
	year = "1968"
}

@book{kashiwara-schapira-categories-and-sheaves,
	author = "Kashiwara, Masaki and Schapira, Pierre",
	isbn = "978-3-540-27950-1",
	number = "332",
	pagetotal = "496",
	publisher = "Springer",
	series = "{Grundlehren der mathematischen Wissenschaften}",
	title = "{Categories and sheaves}",
	year = "2006"
}

@inbook{katzarkov-kontsevich-pantev-hodge-mirror-symmetry,
	author = "Katzarkov, Ludmil and Kontsevich, Maxim and Pantev, Tony",
	booktitle = "{From Hodge theory to integrability and TQFT: tt*-geometry}",
	editor = "Donagi, Ron and Vendland, Katrin",
	eprint = "0806.0107",
	eprintclass = "math.AG",
	eprinttype = "arxiv",
	number = "78",
	pages = "87--174",
	publisher = "American Mathematical Society",
	series = "{Proceedings of Symposia in Pure Mathematics}",
	title = "{Hodge-theoretic aspects of mirror symmetry}",
	year = "2008"
}

@article{keller-cyclic-homology-exact-categories,
	author = "Keller, Bernhard",
	journaltitle = "Journal of Pure and Applied Algebra",
	number = "1",
	pages = "1--56",
	title = "{On the cyclic homology of exact categories}",
	volume = "136",
	year = "1999"
}

@inproceedings{keller-on-dg-categories,
	author = "Keller, Bernhard",
	booktitle = "{Proceedings of the International Congress of Mathematicians}",
	eprint = "math/0601185",
	eprintclass = "math.KT",
	eprinttype = "arxiv",
	pages = "151--190",
	title = "{On differential graded categories}",
	volume = "2",
	year = "2006"
}

@book{kelly-enriched-category-theory,
	author = "Kelly, Gregory Maxwell",
	isbn = "978-0-521-28702-9",
	number = "64",
	pagetotal = "245",
	publisher = "Cambridge University Press",
	series = "{London Mathematical Society Lecture Note Series}",
	title = "{Basic concepts in enriched category theory}",
	year = "1982"
}

@inbook{kontsevich-enumeration-of-rational-curves,
	author = "Kontsevich, Maxim",
	booktitle = "{The moduli space of curves}",
	editor = "Dijkgraaf, Robbert Henricus and Faber, Carel Filip and {van der Geer}, Gerard",
	eprint = "hep-th/9405035",
	eprintclass = "hep-th",
	eprinttype = "arxiv",
	isbn = "978-1-4612-8714-8",
	pages = "335--368",
	publisher = "Birkh{\"a}user Boston",
	series = "{Progress in Mathematics}",
	title = "{Enumeration of rational curves via torus actions}",
	volume = "129",
	year = "1995"
}

@misc{kontsevich-mixed-noncommutative-motives,
	author = "Kontsevich, Maxim",
	note = "Talk at the Workshop on Homological mirror symmetry. University of Miami",
	title = "{Mixed noncommutative motives}",
	year = "2010"
}

@misc{kontsevich-noncommutative-motives,
	author = "Kontsevich, Maxim",
	note = "Talk at the Institute for Advanced Study on the occasion of the 61st birthday of Pierre Deligne",
	title = "{Noncommutative motives}",
	year = "2005"
}

@unpublished{kontsevich-triangulated-categories-and-geometry,
	author = "Kontsevich, Maxim",
	title = "{Triangulated categories and geometry --- A course at the {\'E}cole Normale Sup{\'e}rieure}",
	year = "1998"
}

@book{laumon-moret-bailly-champs-algebriques,
	author = "Laumon, Gerard and Moret--Bailly, Laurent",
	isbn = "978-3540657613",
	number = "39",
	pagetotal = "208",
	publisher = "Springer",
	series = "{Ergebnisse der Mathematik und ihrer Grenzgebiete. 3.\ Folge}",
	title = "{Champs alg{\'e}briques}",
	year = "2000"
}

@book{liu-algebraic-geometry-and-arithmetic-curves,
	author = "Liu, Qing",
	number = "6",
	pagetotal = "600",
	publisher = "Oxford University Press",
	series = "{Oxford Graduate Texts in Mathematics}",
	title = "{Algebraic geometry and arithmetic curves}",
	year = "2006"
}

@article{lurie-classification-topological-field-theories,
	author = "Lurie, Jacob",
	eprint = "0905.0465",
	eprintclass = "math.CT",
	eprinttype = "arxiv",
	journaltitle = "Current Developments in Mathematics",
	pages = "129--280",
	title = "{On the classification of topological field theories}",
	volume = "2008",
	year = "2008"
}

@online{lurie-higher-algebra,
	author = "Lurie, Jacob",
	title = "{Higher algebra}",
	url = "http://www.math.harvard.edu/~lurie/papers/higheralgebra.pdf",
	year = "2014"
}

@book{lurie-higher-topos-theory,
	author = "Lurie, Jacob",
	isbn = "978-0-691-14049-0",
	number = "170",
	pages = "vii+960",
	publisher = "Princeton University Press",
	series = "{Annals of Mathematics Studies}",
	title = "{Higher topos theory}",
	year = "2009"
}

@online{lurie-dag-X,
	author = "Lurie, Jacob",
	shorthand = "DAG-X",
	title = "{Derived algebraic geometry X: Formal moduli problems}",
	url = "http://www.math.harvard.edu/~lurie/papers/DAG-X.pdf",
	year = "2011"
}

@book{maclane-categories-for-the-working-mathematician,
	author = "{Mac Lane}, Saunders",
	edition = "2",
	number = "5",
	pagetotal = "314",
	publisher = "Springer",
	series = "{Graduate Texts in Mathematics}",
	title = "{Categories for the working mathematician}",
	year = "1998"
}

@book{maclane-moerdijk-sheaves-in-geometry-and-logic,
	author = "{Mac Lane}, Saunders and Moerdijk, Ieke",
	isbn = "978-1-4612-0927-0",
	pagetotal = "630",
	publisher = "Springer",
	series = "{Universitext}",
	title = "{Sheaves in geometry and logic: a first introduction to topos theory}",
	year = "1992"
}

@online{manetti-lectures-on-deformations,
	author = "Manetti, Marco",
	date = "2005",
	eprint = "math/0507286",
	eprintclass = "math.AG",
	eprinttype = "arxiv",
	title = "{Lectures on deformations of complex manifolds}"
}

@book{may-geometry-of-iterated-loop-spaces,
	author = "May, Jon Peter",
	isbn = "978-3-540-05904-2",
	number = "271",
	pagetotal = "vii+175",
	publisher = "Springer",
	series = "{Lecture Notes in Mathematics}",
	title = "{The geometry of iterated loop spaces}",
	year = "1972"
}

@book{may-simplicial-objects-in-algebraic-topology,
	author = "May, Jon Peter",
	pagetotal = "170",
	publisher = "University of Chicago Press",
	series = "{Chicago Lectures in Mathematics}",
	title = "{Simplicial objects in algebraic topology}",
	year = "1967"
}

@book{mazza-voevodsky-weibel-motivic-cohomology,
	author = "Mazza, Carlo and Voevodsky, Vladimir and Weibel, Charles",
	number = "2",
	pages = "xii+216",
	publisher = "American Mathematical Society",
	series = "{Clay Monographs in Mathematics}",
	title = "{Lecture notes on motivic cohomology}",
	year = "2006"
}

@article{moerdijk-weiss-dendroidal-sets,
	author = "Moerdijk, Ieke and Weiss, Ittay",
	eprint = "math/0701293",
	eprintclass = "math.AT",
	eprinttype = "arxiv",
	journaltitle = "Algebraic and Geometric Topology",
	pages = "1441--1470",
	title = "{Dendroidal sets}",
	volume = "7",
	year = "2007"
}

@book{morel-theorie-homotopique-des-schemas,
	author = "Morel, Fabien",
	language = "french",
	number = "256",
	pagetotal = "vi+119",
	publisher = "Soci{\'e}t{\'e} Math{\'e}matique de France",
	series = "{Ast{\'e}risque}",
	title = "{Th{\'e}orie homotopique des sch{\'e}mas}",
	year = "1999"
}

@article{morel-voevodsky-A1-homotopy-theory-of-schemes,
	author = "Morel, Fabien and Voevodsky, Vladimir",
	issue = "1",
	journaltitle = "Publications math{\'e}matiques de L'I.H.{\'E}.S.",
	pages = "45--143",
	title = "{$\mathbb{A}^1$-homotopy theory of schemes}",
	volume = "90",
	year = "1999"
}

@collection{motives-seattle,
	editor = "Jannsen, Uwe and Kleiman, Steven and Serre, Jean--Pierre",
	isbn = "978-0-8218-2799-4",
	number = "55",
	pagetotal = "1423",
	publisher = "American Mathematical Society",
	series = "{Proceedings of Symposia in Pure Mathematics}",
	title = "{Motives}",
	year = "1994"
}

@article{neeman-grothendieck-duality-bousfield,
	author = "Neeman, Amnon",
	eprint = "9412022",
	eprintclass = "math.AG",
	eprinttype = "arxiv",
	journaltitle = "Journal of the American Mathematical Society",
	number = "1",
	pages = "205--236",
	title = "{The Grothendieck duality theorem via Bousfield's techniques and Brown representability}",
	volume = "9",
	year = "1996"
}

@article{orlov-equivalences-of-derived-categories-and-k3-surfaces,
	author = "Orlov, Dmitri",
	eprint = "alg-geom/9606006",
	eprintclass = "math.AG",
	eprinttype = "arxiv",
	journaltitle = "Journal of Mathematical Sciences",
	pages = "1361--1381",
	title = "{Equivalences of derived categories and K3 surfaces}",
	volume = "84",
	year = "1997"
}

@article{pantev-toen-vaquie-vezzosi-shifted-symplectic-structures,
	author = "Pantev, Tony and To{\"e}n, Bertrand and Vaqui{\'e}, Michel and Vezzosi, Gabriele",
	eprint = "1111.3209",
	eprintclass = "math.AG",
	eprinttype = "arxiv",
	issue = "1",
	journaltitle = "Publications math{\'e}matiques de l'IH{\'E}S",
	pages = "271--328",
	title = "{Shifted symplectic structures}",
	volume = "117",
	year = "2013"
}

@online{porta-vezzosi-infinitesimal-and-squarezero-extensions,
	author = "Porta, Mauro and Vezzosi, Gabriele",
	eprint = "1310.3573",
	eprintclass = "math.AG",
	eprinttype = "arxiv",
	title = "{Infinitesimal and square-zero extensions of simplicial algebras}",
	year = "2013"
}

@inbook{quillen-higher-algebraic-k-theory-I,
	author = "Quillen, Daniel Gray",
	booktitle = "{Higher K-theories}",
	editor = "Dold, Albrecht and Eckmann, Beno",
	number = "341",
	pages = "85--147",
	publisher = "Springer",
	series = "{Lecture Notes in Mathematics}",
	title = "{Higher algebraic K-theory: I}",
	year = "1973"
}

@book{quillen-homotopical-algebra,
	author = "Quillen, Daniel Gray",
	isbn = "978-3540039143",
	number = "43",
	pages = "1--164",
	publisher = "Springer-Verlag",
	series = "{Lecture Notes in Mathematics}",
	shorthand = "LNM43",
	title = "{Homotopical algebra}",
	year = "1967"
}

@article{rezk-a-model-for-the-homotopy-theory-of-homotopy-theories,
	author = "Rezk, Charles",
	eprint = "math/9811037",
	eprintclass = "math.AT",
	eprinttype = "arxiv",
	journaltitle = "Transactions of the American Mathematical Society",
	number = "3",
	pages = "973--1007",
	title = "{A model for the homotopy theory of homotopy theory}",
	volume = "353",
	year = "2001"
}

@book{riehl-categorical-homotopy-theory,
	author = "Riehl, Emily",
	isbn = "978-1107048454",
	number = "24",
	pagetotal = "352",
	publisher = "Cambridge University Press",
	series = "{New mathematical monographs}",
	title = "{Categorical homotopy theory}",
	year = "2014"
}

@article{riou-dualite-de-spanier-whitehead,
	author = "Riou, Jo{\"e}l",
	issue = "6",
	journaltitle = "Comptes Rendus Math{\'e}matique",
	pages = "431--436",
	title = "{Dualit{\'e} de Spanier--Whitehead en g{\'e}om{\'e}trie alg\'brique}",
	volume = "340",
	year = "2005"
}

@unpublished{riou-realization-functors,
	author = "Riou, Jo{\"e}l",
	note = "Notes d'un expos{\'e} lors de l'{\'e}cole d'{\'e}t{\'e} franco-asiatique ``Autour des motifs'' {\`a} l'I.H.{\'E}.S.",
	title = "{Realization functors}",
	year = "2007"
}

@article{robalo-k-theory-and-the-bridge,
	author = "Robalo, Marco",
	journaltitle = "Advances in Mathematics",
	pages = "399--550",
	title = "{K-theory and the bridge from motives to noncommutative motives}",
	volume = "269",
	year = "2015"
}

@online{robalo-noncommutative-motives-I,
	author = "Robalo, Marco",
	eprint = "1206.3645",
	eprintclass = "math.AG",
	eprinttype = "arxiv",
	title = "{Noncommutative motives I: A universal characterization of the motivic stable homotopy theory of schemes}",
	year = "2012"
}

@online{robalo-noncommutative-motives-II,
	author = "Robalo, Marco",
	eprint = "1306.3795",
	eprintclass = "math.KT",
	eprinttype = "arxiv",
	title = "{Noncommutative motives II: K-theory and noncommutative motives}",
	year = "2013"
}

@article{rondigs-ostvaer-motives-and-modules-over-motivic-cohomology,
	author = "R{\"o}ndigs, Oliver and {{\O} stv{\ae}r}, Paul Arne",
	issue = "10",
	journaltitle = "Comptes Rendus Math{\'e}matique",
	pages = "751--754",
	title = "{Motives and modules over motivic cohomology}",
	volume = "342",
	year = "2006"
}

@inbook{rouquier-categories-derivees-et-geometrie-birationelle,
	author = "Rouquier, Rapha{\"e}l",
	booktitle = "{S{\'e}minaire Bourbaki --- Volume 2004/2005 --- Expos{\'e}s 938--951}",
	eprint = "math/0503548",
	eprintclass = "math.AG",
	eprinttype = "arxiv",
	language = "french",
	number = "307",
	publisher = "Soci{\'e}t{\'e} Math{\'e}matique de France",
	series = "{Ast{\'e}risque}",
	title = "{Cat{\'e}gories d{\'e}riv{\'e}es et g{\'e}om{\'e}trie birationelle}",
	year = "2006"
}

@article{schlichting-negative-k-theory-of-derived-categories,
	author = "Schlichting, Marco",
	journaltitle = "Mathematische Zeitschrift",
	number = "1",
	pages = "97--134",
	title = "{Negative K-theory of derived categories}",
	volume = "253",
	year = "2006"
}

@article{schlichting-note-on-k-theory-and-triangulated-categories,
	author = "Schlichting, Marco",
	journaltitle = "Inventiones Mathematicae",
	number = "1",
	pages = "111--116",
	title = "{A note on K-theory and triangulated categories}",
	volume = "150",
	year = "2002"
}

@article{schwede-shipley-algebras-and-modules-in-monoidal-model-categories,
	author = "Schwede, Stefan and Shipley, Brooke Elizabeth",
	eprint = "math/9801082",
	eprintclass = "math.AT",
	eprinttype = "arxiv",
	journaltitle = "Proceedings of the London Mathematical Society",
	number = "3",
	pages = "491--511",
	title = "{Algebras and modules in monoidal model caegories}",
	volume = "80",
	year = "2000"
}

@article{segal-categories-and-cohomology-theories,
	author = "Segal, Graeme",
	journaltitle = "Topology",
	pages = "293--312",
	title = "{Categories and cohomology theories}",
	volume = "13",
	year = "1974"
}

@book{sernesi-deformations-of-algebraic-schemes,
	author = "Sernesi, Edoardo",
	isbn = "978-3-540-30608-5",
	number = "334",
	pagetotal = "xi+339",
	publisher = "Springer",
	series = "{Grundlehren der mathematischen Wissenschaften}",
	title = "{Deformations of algebraic schemes}",
	year = "2006"
}

@book{sga1,
	editor = "Grothendieck, Alexander",
	number = "224",
	pagetotal = "xxiii+447",
	publisher = "Springer--Verlag",
	series = "{Lecture Notes in Mathematics}",
	shorthand = "SGA1",
	title = "{S{\'e}minaire de G{\'e}om{\'e}trie Alg{\'e}brique du Bois Marie --- 1960--61 --- Rev{\^e}tements {\'e}tales et groupe fondamental --- (SGA1)}",
	year = "1971"
}

@book{sga6,
	editor = "Berthelot, Pierre and Grothendieck, Alexander and Illusie, Luc",
	number = "225",
	pagetotal = "xii+700",
	publisher = "Springer-Verlag",
	series = "{Lecture Notes in Mathematics}",
	shorthand = "SGA6",
	title = "{S{\'e}minaire de G{\'e}om{\'e}trie Alg{\'e}brique du Bois Marie --- 1966--67 --- Th{\'e}orie des intersections et th{\'e}or{\`e}me de Riemann--Roch --- (SGA6)}",
	year = "1971"
}

@online{shulman-homotopy-limits-and-colimits,
	author = "Shulman, Mike",
	eprint = "math/0610194",
	eprintclass = "math.AT",
	eprinttype = "arxiv",
	pagetotal = "79",
	title = "{Homotopy limits and colimits and enriched homotopy theory}",
	year = "2006"
}

@online{simpson-algebraic-geometric-n-stacks,
	author = "Simpson, Carlos",
	eprint = "alg-geom/9609014",
	eprintclass = "math.AG",
	eprinttype = "arxiv",
	title = "{Algebraic (geometric) $n$-stacks}",
	year = "1996"
}

@online{stacks-project,
	shorthand = "Stacks",
	title = "{The Stacks Project}",
	url = "http://stacks.math.columbia.edu",
	year = "2014"
}

@inbook{tabuada-guided-tour,
	author = "Tabuada, Gon\c{c}alo",
	booktitle = "{Topics in noncommutative geometry}",
	editor = "Corti{\~n}as, Guillermo",
	eprint = "1108.3787",
	eprintclass = "math.KT",
	eprinttype = "arxiv",
	number = "16",
	pages = "259--276",
	publisher = "American Mathematical Society",
	series = "{Clay Mathematics Proceedings}",
	title = "{A guided tour through the garden of noncommutative motives}",
	year = "2012"
}

@article{tabuada-higher-k-theory-via-universal-invariants,
	author = "Tabuada, Gon\c{c}alo",
	eprint = "0706.2420",
	eprintclass = "math.KT",
	eprinttype = "arxiv",
	journaltitle = "Duke Mathematical Journal",
	number = "1",
	pages = "121--206",
	title = "{Higher K-theory via universal invariants}",
	volume = "145",
	year = "2008"
}

@article{tabuada-homotopy-theory-of-dg-categories-via-localizing-pairs,
	author = "Tabuada, Gon\c{c}alo",
	journaltitle = "Homology, Homotopy and Applications",
	pages = "187--219",
	title = "{Homotopy theory of dg categories via localizing pairs and Drinfel'd's dg quotient}",
	volume = "14",
	year = "2010"
}

@article{tabuada-invariants-additifs-de-dg-categories,
	author = "Tabuada, Gon\c{c}alo",
	eprint = "math/0507227v1",
	eprintclass = "math.KT",
	eprinttype = "arxiv",
	journaltitle = "International Mathematics Research Notices",
	pages = "3309--3339",
	title = "{Invariants additifs de dg-cat{\'e}gories}",
	volume = "53",
	year = "2005"
}

@article{tabuada-structure-de-modeles-de-quillen-sur-dgcat,
	author = "Tabuada, Gon\c{c}alo",
	eprint = "math/0407338v1",
	eprintclass = "math.KT",
	eprinttype = "arxiv",
	issue = "1",
	journaltitle = "Comptes Rendus Math{\'e}matique",
	language = "french",
	pages = "15--19",
	title = "{Une structure de cat{\'e}gorie de mod{\`e}les de Quillen sur la cat{\'e}gorie des dg-cat{\'e}gories}",
	volume = "340",
	year = "2005"
}

@inbook{thomason-trobaugh-higher-algebraic-k-theory,
	author = "Thomason, Robert Wayne and Trobaugh, Thomas",
	booktitle = "{The Grothendieck Festschrift}",
	pages = "247--435",
	title = "{Higher algebraic K-theory of schemes and derived categories}",
	volume = "3",
	volume2 = "88",
	year = "1990"
}

@article{toen-homotopy-theory-of-dg-categories,
	author = "To{\"e}n, Bertrand",
	eprint = "math/0408337v7",
	eprintclass = "math.AG",
	eprinttype = "arxiv",
	issue = "3",
	journaltitle = "Inventiones Mathematica",
	pages = "615--667",
	title = "{The homotopy theory of dg categories and derived Morita theory}",
	volume = "167",
	year = "2007"
}

@inbook{toen-lectures-on-dg-categories,
	author = "To{\"e}n, Bertrand",
	booktitle = "{Topics in Algebraic and Topological K-Theory}",
	isbn = "978-3-642-15707-3",
	number = "2008",
	pages = "243--302",
	publisher = "Springer",
	series = "{Lecture Notes in Mathematics}",
	title = "{Lectures on DG-categories}",
	year = "2011"
}

@unpublished{toen-tamsamani-categories-segal-categories-and-applications,
	author = "To{\"e}n, Bertrand",
	note = "Talk at the summer programme on $n$-categories: foundations and applications",
	pagetotal = "9",
	title = "{Tamsamani categories, Segal categories, and applications}",
	year = "2005"
}

@article{toen-vezzosi-algebres-simpliciales,
	author = "To{\"e}n, Bertrand and Vezzosi, Gabriele",
	eprint = "0904.3256",
	eprintclass = "math.AG",
	eprinttype = "arxiv",
	journaltitle = "Compositio Mathematica",
	number = "06",
	pages = "1979--2000",
	title = "{Alg{\`e}bres simpliciales $S^1$-{\'e}quivariantes, th{\'e}orie de de Rham et th{\'e}or{\`e}mes HKR multiplicatifs}",
	volume = "147",
	year = "2011"
}

@inbook{toen-vezzosi-chern-character-loop-spaces-and-dag,
	author = "To{\"e}n, Bertrand and Vezzosi, Gabriele",
	booktitle = "{Algebraic topology: The Abel symposium 2007}",
	editor = "Baas, Nils and Friedlander, Eric and Jahren, Bj{\o}rn and {\O}stv{\ae}r, Paul Arne",
	eprint = "0804.1274",
	eprintclass = "math.AG",
	eprinttype = "arxiv",
	number = "4",
	pages = "331--354",
	series = "{Abel Symposia}",
	title = "{Chern character, loop spaces and derived algebraic geometry}",
	titleaddon = "Proceedings of the Fourth Abel Symposium, Oslo, Norway, August 5--10, 2007",
	year = "2007"
}

@unpublished{toen-vezzosi-from-ha-to-hag,
	author = "To{\"e}n, Bertrand and Vezzosi, Gabriele",
	note = "Lectures at the DFG--Schwerpunkt workshop, Essen, 2002",
	pagetotal = "63",
	title = "{From homotopical algebra to homotopical algebraic geometry}",
	year = "2002"
}

@inbook{toen-vezzosi-hag2dag,
	author = "To{\"e}n, Bertrand and Vezzosi, Gabriele",
	booktitle = "{Axiomatic, enriched and motivic homotopy theory}",
	editor = "Greenlees, John",
	isbn = "978-1-402-01834-3",
	pages = "173--216",
	publisher = "Springer",
	series = "{NATO science series. Series II, Mathematics, physics and chemistry}",
	title = "{From HAG to DAG: derived moduli stacks}",
	year = "2004"
}

@article{toen-vezzosi-hag-I,
	author = "To{\"e}n, Bertrand and Vezzosi, Gabriele",
	eprint = "math/0207028",
	eprintclass = "math.AG",
	eprinttype = "arxiv",
	issue = "2",
	journaltitle = "Advances in Mathematics",
	number = "1",
	pages = "257--372",
	shorthand = "HAG-I",
	title = "{Homotopical algebraic geometry I: topos theory}",
	year = "2005"
}

@book{toen-vezzosi-hag-II,
	author = "To{\"e}n, Bertrand and Vezzosi, Gabriele",
	eprint = "math/0404373",
	eprintclass = "math.AG",
	eprinttype = "arxiv",
	isbn = "978-0821840993",
	number = "902",
	pagestotal = "228",
	series = "{Memoirs of the American Mathematical Society}",
	shorthand = "HAG-II",
	title = "{Homotopical algebraic geometry II: Geometric stacks and applications}",
	volume = "193",
	year = "2008"
}

@article{toen-vezzosi-remark-k-theory-s-categories,
	author = "To{\"e}n, Bertrand and Vezzosi, Gabriele",
	eprint = "math/0210125",
	eprintclass = "math.KT",
	eprinttype = "arxiv",
	issue = "4",
	journaltitle = "Topology",
	pages = "765--791",
	title = "{A remark on K-theory and S-categories}",
	volume = "43",
	year = "2004"
}

@inproceedings{toen-vezzosi-segal-topoi-and-stacks-over-segal-categories,
	author = "To{\"e}n, Bertrand and Vezzosi, Gabriele",
	booktitle = "{Stacks, intersection theory and non-abelian Hodge theory}",
	eprint = "math/0212330",
	eprintclass = "math.AG",
	eprinttype = "arxiv",
	title = "{Segal topoi and stacks over Segal categories}",
	year = "2002"
}

@book{topics-in-algebraic-and-topological-k-theory,
	author = "Baum, Paul Frank and Corti{\~n}as, Guillermo and Meyer, Ralf and S{\'a}nchez-Garc{\'i}a, Rub{\'e}n and Schlichting, Marco and To{\"e}n, Bertrand",
	editor = "Corti{\~n}as, Guillermo",
	isbn = "978-3-642-15707-3",
	pagetotal = "xvi+302",
	publisher = "Springer-Verlag",
	series = "{Lecture Notes in Mathematics}",
	title = "{Topics in algebraic and topological K-theory}",
	volume = "2008",
	year = "2011"
}

@article{uehara-example-fourier-mukai-minimal-elliptic-surfaces,
	author = "Uehara, Hokuto",
	eprint = "math/0312499",
	eprintclass = "math.AG",
	eprinttype = "arxiv",
	journaltitle = "Mathematical Research Letters",
	pages = "371--375",
	title = "{An example of Fourier--Mukai partners of minimal elliptic surfaces}",
	volume = "11",
	year = "2004"
}

@phdthesis{verdier-phd,
	author = "Verdier, Jean-Louis",
	institution = "Universit{\'e} de Paris",
	language = "french",
	title = "{Des cat{\'e}gories d{\'e}riv{\'e}es des cat{\'e}gories ab{\'e}liennes}",
	year = "1967"
}

@inbook{vistoli-notes-on-grothendieck-topologies,
	author = "Vistoli, Angelo",
	booktitle = "{Fundamental algebraic geometry: Grothendieck's FGA explained}",
	eprint = "math/0412512",
	eprintclass = "math.AG",
	eprinttype = "arxiv",
	number = "123",
	pages = "1--104",
	series = "{Mathematical Surveys and Monographs}",
	title = "{Notes on Grothendieck topologies, fibered categories and descent theory}",
	year = "2005"
}

@inproceedings{voevodsky-A1-homotopy-theory,
	author = "Voevodsky, Vladimir",
	booktitle = "{Proceedings of the International Congress of Mathematicians}",
	pages = "579--604",
	title = "{$\mathbb{A}^1$-homotopy theory}",
	volume = "1",
	year = "1998"
}

@inbook{waldhausen-algebraic-k-theory-of-spaces,
	author = "Waldhausen, Friedhelm",
	booktitle = "{algebraic and geometry topology}",
	number = "1126",
	pages = "318--419",
	publisher = "Springer",
	series = "{Lecture Notes in Mathematics}",
	title = "{Algebraic K-theory of spaces}",
	year = "1985"
}

@inbook{weibel-homotopy-algebraic-k-theory,
	author = "Weibel, Charles",
	booktitle = "{Algebraic K-theory and algebraic numbery theory}",
	editor = "Stein, Michael and Dennis, Keith",
	number = "83",
	pages = "461--488",
	publisher = "American Mathematical Society",
	series = "{Contemporary Mathematics}",
	title = "{Homotopy algebraic K-theory}",
	year = "1989"
}

@online{barwick-schommer-pries-unicity-homotopy-theory,
	author = "Barwick, Clark and Schommer-Pries, Christopher",
	eprint = arXiv:1112.0040,
	eprintclass = math.AT,
	eprinttype = arxiv,
	title = "{On the unicity of the homotopy theory of higher categories}",
	year = "2013"
}

@mastersthesis{zhao-memoire,
	author = "Zhao, Yan",
	title = "{Extended topological field theories and the cobordism hypothesis}",
	year = "2013"
}

