@BOOK{altman-kleiman-grothendieck-duality,
  author = {Altman, Allen and Kleiman, Steven},
  title = {Introduction to Grothendieck duality theory},
  year = {1970},
  series = {Lecture Notes in Mathematics},
  number = {146},
  publisher = {Springer--Verlag},
  shorthand = {LNM146},
  pagetotal = {185},
  isbn = {978-3-540-04935-7},
}

@ARTICLE{bergner-characterization-of-fibrant-segal-categories,
  author = {Bergner, Julie},
  title = {A characterization of fibrant Segal categories},
  journaltitle = {Proceedings of the American Mathematical Society},
  year = {2007},
  volume = {135},
  pages = {4031--4037},
  eprint = {math/0603400},
  eprintclass = {math.AT},
  eprinttype = {arxiv}
}

@ARTICLE{bergner-model-category-structure-on-simplicial-categories,
  author = {Bergner, Julie},
  title = {A model category structure on the category of simplicial categories},
  journaltitle = {Transactions of the American Mathematical Society},
  year = {2007},
  volume = {359},
  pages = {2043--2058},
  eprint = {math/0406507},
  eprintclass = {math.AT},
  eprinttype = {arxiv}
}

@INBOOK{bergner-survey-of-oo-1-categories,
  author = {Bergner, Julie},
  title = {A survey of $(\infty,1)$-categories},
  booktitle = {Towards Higher Categories},
  year = {2010},
  series = {The IMA volumes in mathematics and its applications},
  publisher = {Springer},
  pages = {69--83},
  eprint = {math/0610239},
  eprintclass = {math.AT},
  eprinttype = {arxiv},
  editors = {Baez, John Carlos and May, Jon Peter}
}

@ARTICLE{bergner-three-models-for-the-homotopy-theory-of-homotopy-theories,
  author = {Bergner, Julie},
  title = {Three models for the homotopy theory of homotopy theories},
  journaltitle = {Topology},
  year = {2007},
  volume = {46},
  number = {4},
  pages = {397--436},
  eprint = {math/0504334},
  eprintclass = {math.AT},
  eprinttype = {arxiv}
}

@BOOK{dubuc-kan-extensions,
  author = {Dubuc, Eduardo},
  title = {Kan extensions in enriched category theory},
  year = {1970},
  series = {Lecture Notes in Mathematics},
  number = {145},
  publisher = {Springer--Verlag},
  pagetotal = {174},
  shorthand = {LNM145},
  isbn = {978-3-540-04934-0},
}

@ARTICLE{dugger-spivak-mapping-spaces-in-quasicategories,
  author = {Dugger, Daniel and Spivak, David},
  title = {Mapping spaces in quasi-categories},
  journaltitle = {Algebraic and Geometric Topology},
  year = {2011},
  volume = {11},
  pages = {263--325},
  eprint = {0911.0469},
  eprintclass = {math.AT},
  eprinttype = {arxiv}
}

@BOOK{dwyer-hirschhorn-smith-homotopy-limit-functors,
  author = {Dwyer, William Gerard and Hirschhorn, Paul Steven and Kan, Daniel Marinus and Smith, Jeffrey Henderson},
  title = {Homotopy limit functors on model categories and homotopical categories},
  year = {2004},
  series = {Mathematical Surveys and Monographs},
  number = {113},
  publisher = {American Mathematical Society},
  isbn = {978-0-8218-3703-0},
  pagetotal = {181}
}

@ARTICLE{dwyer-kan-calculating-simplicial-localizations,
  author = {Dwyer, Gerard William and Kan, Donald},
  title = {Calculating simplicial localizations},
  journaltitle = {Journal of Pure and Applied Algebra},
  year = {1980},
  volume = {18},
  pages = {17--35}
}

@ARTICLE{dwyer-kan-function-complexes-in-homotopical-algebra,
  author = {Dwyer, Gerard William and Kan, Donald},
  title = {Function complexes in homotopical algebra},
  journaltitle = {Topology},
  year = {1980},
  volume = {19},
  pages = {427--440}
}

@ARTICLE{dwyer-kan-simplicial-localization-of-categories,
  author = {Dwyer, Gerard William and Kan, Donald},
  title = {Simplicial localization of categories},
  journaltitle = {Journal of Pure and Applied Algebra},
  year = {1980},
  volume = {17},
  pages = {267--284}
}

@ARTICLE{dwyer-kan-smith-homotopy-commutative-diagrams-and-their-realizations,
  author = {Dwyer, William Gerard and Kan, Daniel Marinus and Smith, Jeffrey Henderson},
  title = {Homotopy commutative diagrams and their realizations},
  journaltitle = {Journal of Pure and Applied Algebra},
  year = {1989},
  volume = {57},
  number = {1},
  pages = {5--24}
}

@INBOOK{dwyer-spalinski-homotopy-theories-and-model-categories,
  author = {Dwyer, William Gerard and Spali\'nski, Jan},
  title = {Homotopy theories and model categories},
  booktitle = {Handbook of algebraic topology},
  year = {1995},
  bookauthor = {James, Ioan Mackenzie},
  publisher = {North Holland},
  isbn = {978-0-080-53298-1},
  chapter = {2},
}

@BOOK{gabriel-zisman-calculus-of-fractions,
  author = {Gabriel, Pierre and Zisman, Michel},
  title = {Calculus of fractions and homotopy theory},
  year = {1967},
  series = {Ergebnisse der Mathematik und ihrer Grenzgebiete},
  number = {35},
  publisher = {Springer--Verlag},
  isbn = {978-3-642-85846-8},
  pagetotal = {168}
}

@BOOK{goerss-jardine-simplicial-homotopy-theory,
  author = {Goerss, Paul Gregory and Jardine, John Frederick},
  title = {Simplicial homotopy theory},
  year = {1999},
  series = {Progress In Mathematics},
  number = {174},
  publisher = {Birkh\"auser},
  isbn = {978-3-764-36064-1},
  pagetotal = {537},
}

@ARTICLE{grothendieck-sur-quelques-points,
  author = {Grothendieck, Alexander},
  title = {Sur quelques points d'alg\`ebre homologique},
  journaltitle = {T\={o}hoku Mathematical Journal},
  year = {1957},
  language = {french},
  volume = {9},
  number = {2},
  pages = {119--221},
}

@BOOK{hatcher-algebraic-topology,
  author = {Hatcher, Allen},
  title = {Algebraic topology},
  year = {2001},
  publisher = {Cambridge University Press},
  isbn = {978-0521795401},
  pagetotal = {550}
}

@BOOK{hirschhorn-model-categories,
  author = {Hirschhorn, Philip Steven},
  title = {Model categories and their localizations},
  year = {2009},
  series = {Mathematical Surveys and Monographs},
  number = {99},
  publisher = {American Mathematical Society},
  isbn = {978-0-821-84917-0},
}

@ONLINE{hirschowitz-simpson-descente-pour-les-n-champs,
  author = {Hirschowitz, Andr\'e and Simpson, Carlos},
  title = {Descente pour les $n$-champs},
  year = {1998},
  eprint = {math/9807049},
  eprinttype = {arxiv},
  eprintclass = {math.AG},
}

@BOOK{joyal-theory-of-quasicategories-and-applications,
  author = {Joyal, Andr\'e},
  title = {The theory of quasi-categories and its applications},
  year = {2008},
  volume = {2},
  pagetotal = {350}
}

@ARTICLE{joyal-quasicategories-and-kan-complexes,
  author = {Joyal, Andr\'e},
  title = {Quasi-categories and Kan complexes},
  journaltitle = {Journal of Pure and Applied Algebra},
  year = {2002},
  volume = {175},
  issue = {1--3},
  pages = {207--222}
}

@UNPUBLISHED{joyal-quasicategories-vs-simplicial-categories,
  author = {Joyal, Andr\'e},
  title = {Quasi-categories vs.\ simplicial categories},
  year = {2007},
  pagetotal = {66},
}

@INBOOK{joyal-tierney-quasi-categories-vs-segal-spaces,
  author = {Joyal, Andr\'e and Tierney, Myles},
  title = {Quasi-categories vs.\ Segal spaces},
  booktitle = {Categories in algebra, geometry and mathematical physics},
  year = {2007},
  editor = {Davydov, Alexei and Batanin, Michael and Johnson, Michael and Lack, Stephen and Neeman, Amnon},
  series = {Contemporary Mathematics},
  number = {431},
  pages = {277--326},
  eprint = {math/0607820},
  eprintclass = {math.AT},
  eprinttype = {arxiv}
}

@BOOK{kashiwara-schapira-categories-and-sheaves,
  author = {Kashiwara, Masaki and Schapira, Pierre},
  title = {Categories and sheaves},
  year = {2006},
  series = {Grundlehren der mathematischen Wissenschaften},
  number = {332},
  publisher = {Springer},
  isbn = {978-3-540-27950-1},
  pagetotal = {496}
}

@BOOK{kelly-enriched-category-theory,
  author = {Kelly, Gregory Maxwell},
  title = {Basic concepts in enriched category theory},
  year = {1982},
  series = {London Mathematical Society Lecture Note Series},
  number = {64},
  publisher = {Cambridge University Press},
  isbn = {978-0-521-28702-9},
  pagetotal = {245}
}

@ARTICLE{lurie-classification-topological-field-theories,
  author = {Lurie, Jacob},
  title = {On the classification of topological field theories},
  journaltitle = {Current Developments in Mathematics},
  year = {2008},
  volume = {2008},
  pages = {129--280},
  eprint = {0905.0465},
  eprintclass = {math.CT},
  eprinttype = {arxiv}
}

@BOOK{maclane-categories-for-the-working-mathematician,
  author = {{Mac Lane}, Saunders},
  title = {Categories for the working mathematician},
  year = {1998},
  edition = {2},
  series = {Graduate Texts in Mathematics},
  number = {5},
  publisher = {Springer},
  pagetotal = {314}
}

@BOOK{maclane-moerdijk-sheaves-in-geometry-and-logic,
  author = {Mac Lane, Saunders and Moerdijk, Ieke},
  title = {Sheaves in geometry and logic: a first introduction to topos theory},
  year = {1992},
  series = {Universitext},
  publisher = {Springer},
  isbn = {978-1-4612-0927-0},
  pagetotal = {630}
}

@BOOK{may-simplicial-objects-in-algebraic-topology,
  author = {May, Jon Peter},
  title = {Simplicial objects in algebraic topology},
  year = {1967},
  series = {Chicago Lectures in Mathematics},
  publisher = {University of Chicago Press},
  pagetotal = {170}
}

@BOOK{quillen-homotopical-algebra,
  author = {Quillen, Daniel Gray},
  title = {Homotopical algebra},
  year = {1967},
  series = {Lecture Notes in Mathematics},
  number = {43},
  publisher = {Springer-Verlag},
  pages = {1--164},
  isbn = {978-3540039143},
  shorthand = {LNM43},
}

@ARTICLE{rezk-a-model-for-the-homotopy-theory-of-homotopy-theories,
  author = {Rezk, Charles},
  title = {A model for the homotopy theory of homotopy theory},
  journaltitle = {Transactions of the American Mathematical Society},
  year = {2001},
  volume = {353},
  number = {3},
  pages = {973--1007},
  eprint = {math/9811037},
  eprintclass = {math.AT},
  eprinttype = {arxiv}
}

@BOOK{riehl-categorical-homotopy-theory,
  author = {Riehl, Emily},
  title = {Categorical homotopy theory},
  year = {2014},
  series = {New mathematical monographs},
  number = {24},
  publisher = {Cambridge University Press},
  isbn = {978-1107048454},
  pagetotal = {352}
}

@ONLINE{shulman-homotopy-limits-and-colimits,
  author = {Shulman, Mike},
  title = {Homotopy limits and colimits and enriched homotopy theory},
  year = {2006},
  pagetotal = {79},
  eprint = {math/0610194},
  eprintclass = {math.AT},
  eprinttype = {arxiv}
}

@UNPUBLISHED{toen-tamsamani-categories-segal-categories-and-applications,
  author = {To\"en, Bertrand},
  title = {Tamsamani categories, Segal categories, and applications},
  year = {2005},
  note = {Talk at the summer programme on $n$-categories: foundations and applications}
}

@INPROCEEDINGS{toen-vezzosi-segal-topoi-and-stacks-over-segal-categories,
  author = {To\"en, Bertrand and Vezzosi, Gabriele},
  title = {Segal topoi and stacks over Segal categories},
  booktitle = {Stacks, intersection theory and non-abelian Hodge theory},
  year = {2002},
  eprint = {math/0212330},
  eprintclass = {math.AG},
  eprinttype = {arxiv}
}
